@article{turing:1950,
  title={Computing machinery and intelligence},
  author={Turing, Alan M},
  journal={Mind},
  volume={59},
  number={236},
  pages={433--460},
  year={1950},
}

@article{turing:1936,
  title={On computable numbers, with an application to the Entscheidungsproblem},
  author={Turing, Alan M},
  journal={Proceedings of the London mathematical society},
  volume={42},
  number={2},
  pages={230--265},
  year={1936},
}

@article{birrell1984implementing,
  title={Implementing remote procedure calls},
  author={Birrell, Andrew D and Nelson, Bruce Jay},
  journal={ACM Transactions on Computer Systems (TOCS)},
  volume={2},
  number={1},
  pages={39--59},
  year={1984},
  publisher={ACM New York, NY, USA}
}